<?xml version="1.0"?>
<record xmlns="http://www.loc.gov/MARC21/slim">
  <leader>02284cas a2200457 a 4500</leader>
  <controlfield tag="001">watersupplyoutlo00albe_5</controlfield>
  <controlfield tag="003">CaSfIA</controlfield>
  <controlfield tag="005">20151008010651.0</controlfield>
  <controlfield tag="007">cr||||||||||||</controlfield>
  <controlfield tag="008">900118d19861988abczn p  k   s      eng c</controlfield>
  <datafield tag="022" ind1=" " ind2=" ">
    <subfield code="a">0837-208X</subfield>
    <subfield code="l">0837-208X</subfield>
    <subfield code="2">4</subfield>
  </datafield>
  <datafield tag="035" ind1=" " ind2=" ">
    <subfield code="a">ocn463771970</subfield>
  </datafield>
  <datafield tag="039" ind1="0" ind2=" ">
    <subfield code="f">lns</subfield>
  </datafield>
  <datafield tag="040" ind1=" " ind2=" ">
    <subfield code="b">eng</subfield>
    <subfield code="d">CaSfIA</subfield>
  </datafield>
  <datafield tag="043" ind1=" " ind2=" ">
    <subfield code="a">n-cn-ab</subfield>
  </datafield>
  <datafield tag="049" ind1=" " ind2=" ">
    <subfield code="a">AEU</subfield>
    <subfield code="b">eng</subfield>
  </datafield>
  <datafield tag="050" ind1="0" ind2=" ">
    <subfield code="a">TD227.A4</subfield>
    <subfield code="b">W38</subfield>
  </datafield>
  <datafield tag="055" ind1=" " ind2="3">
    <subfield code="a">GB 2630 A3</subfield>
    <subfield code="b">W3143</subfield>
  </datafield>
  <datafield tag="090" ind1="0" ind2=" ">
    <subfield code="a">GB 2630 A3 W3143</subfield>
    <subfield code="b">AEU</subfield>
  </datafield>
  <datafield tag="245" ind1="0" ind2="0">
    <subfield code="a">Water supply outlook for southern and central Alberta /</subfield>
    <subfield code="h">[electronic resource] </subfield>
    <subfield code="c">prepared by the River Forecast Centre and the Survey Branch of the Technical Services Division, Water Resources Management Services, Alberta Environment.</subfield>
  </datafield>
  <datafield tag="246" ind1="1" ind2=" ">
    <subfield code="i">Some issues have title:</subfield>
    <subfield code="a">Water supply outlook update</subfield>
  </datafield>
  <datafield tag="260" ind1="0" ind2=" ">
    <subfield code="a">Edmonton, Alta. :</subfield>
    <subfield code="b">Alberta Environment, Water Resources Management Services,</subfield>
    <subfield code="c">[1986]-</subfield>
  </datafield>
  <datafield tag="300" ind1=" " ind2=" ">
    <subfield code="a">v. :</subfield>
    <subfield code="b">ill. ;</subfield>
    <subfield code="c">28 cm.</subfield>
  </datafield>
  <datafield tag="310" ind1=" " ind2=" ">
    <subfield code="a">Monthly (Mar.-Aug.)</subfield>
  </datafield>
  <datafield tag="362" ind1="0" ind2=" ">
    <subfield code="a">Mar. 1986-Aug. 1988.</subfield>
  </datafield>
  <datafield tag="500" ind1=" " ind2=" ">
    <subfield code="a">Description based on: Mar. 7 1988 : title from cover.</subfield>
  </datafield>
  <datafield tag="500" ind1=" " ind2=" ">
    <subfield code="a">Tables.</subfield>
  </datafield>
  <datafield tag="580" ind1=" " ind2=" ">
    <subfield code="a">Merged with: Spring runoff outlook, ISSN 1184-2776; and, Water supply outlook, ISSN 0319-9800; to become: Water supply outlook for Alberta, ISSN 0848-4066.</subfield>
  </datafield>
  <datafield tag="596" ind1=" " ind2=" ">
    <subfield code="a">48</subfield>
  </datafield>
  <datafield tag="650" ind1=" " ind2="0">
    <subfield code="a">Precipitation (Meteorology)</subfield>
    <subfield code="z">Alberta</subfield>
    <subfield code="x">Measurement.</subfield>
  </datafield>
  <datafield tag="650" ind1=" " ind2="0">
    <subfield code="a">Water-supply</subfield>
    <subfield code="z">Alberta</subfield>
    <subfield code="x">Forecasting</subfield>
    <subfield code="v">Periodicals.</subfield>
  </datafield>
  <datafield tag="710" ind1="2" ind2="0">
    <subfield code="a">Alberta River Forecast Centre.</subfield>
  </datafield>
  <datafield tag="710" ind1="1" ind2="0">
    <subfield code="a">Alberta.</subfield>
    <subfield code="b">Water Resources Management Services.</subfield>
    <subfield code="b">Survey Branch.</subfield>
  </datafield>
  <datafield tag="780" ind1="0" ind2="0">
    <subfield code="t">Water supply outlook and snow survey bulletin (Edmonton, Alta.)</subfield>
    <subfield code="x">0715-237X</subfield>
    <subfield code="w">(OCoLC)9269369</subfield>
    <subfield code="w">(CaOONL)820818356</subfield>
  </datafield>
  <datafield tag="780" ind1="0" ind2="5">
    <subfield code="t">Water supply review and snow survey summary</subfield>
    <subfield code="x">0822-1952</subfield>
  </datafield>
  <datafield tag="785" ind1="0" ind2="7">
    <subfield code="t">Spring runoff outlook</subfield>
    <subfield code="x">1184-2776</subfield>
  </datafield>
  <datafield tag="785" ind1="0" ind2="7">
    <subfield code="t">Water supply outlook.</subfield>
    <subfield code="d">[Edmonton] : Alberta Environment, Technical Services Division, 1982-[1988]</subfield>
    <subfield code="x">0319-9800</subfield>
  </datafield>
  <datafield tag="785" ind1="0" ind2="7">
    <subfield code="t">Water supply outlook for Alberta</subfield>
    <subfield code="x">0848-4066</subfield>
    <subfield code="w">(OCoLC)22495783</subfield>
    <subfield code="w">(CaOONL)900830093</subfield>
  </datafield>
  <datafield tag="856" ind1="4" ind2="1">
    <subfield code="u">http://archive.org/details/watersupplyoutlo00albe_5</subfield>
    <subfield code="z">Free eBook from the Internet Archive</subfield>
  </datafield>
</record>
